@inproceedings{
    jacot2018neural,
    title={\href{https://papers.nips.cc/paper/8076-neural-tangent-kernel-convergence-and-generalization-in-neural-networks.pdf}{Neural Tangent Kernel: Convergence and Generalization in Neural Networks}},
    author={Arthur Jacot and Franck Gabriel and Cl{\'e}ment Hongler},
    booktitle={Advances in Neural Information Processing Systems (NeurIPS)},
    year={2018}
}

@inproceedings{
    lee2019wide,
    title={\href{https://papers.nips.cc/paper/9063-wide-neural-networks-of-any-depth-evolve-as-linear-models-under-gradient-descent.pdf}{Wide Neural Networks of Any Depth Evolve as Linear Models Under Gradient Descent}},
    author={Lee, Jaehoon and Xiao, Lechao and Schoenholz, Samuel S and Bahri, Yasaman and Sohl-Dickstein, Jascha and Pennington, Jeffrey},
    booktitle={Advances in Neural Information Processing Systems (NeurIPS)},
    year={2019}
}

@inproceedings{
    lee2018deep,
    title={\href{https://openreview.net/pdf?id=B1EA-M-0Z}{Deep Neural Networks as Gaussian Processes}},
    author={Jaehoon Lee and Yasaman Bahri and Roman Novak and Samuel S Schoenholz and Jeffery Pennington and Jascha Sohl-Dickstein},
    booktitle={International Conference on Learning Representations (ICLR)},
    year={2018}
}

@inproceedings{
    Arora2019OnEC,
    title={\href{https://papers.nips.cc/paper/9025-on-exact-computation-with-an-infinitely-wide-neural-net.pdf}{On Exact Computation with an Infinitely Wide Neural Net}},
    author={Sanjeev Arora and Du, Simon S and Hu Wei and Zhiyuan Li and Ruslan Salakhutdinov and Ruosong Wang},
    booktitle={Advances in Neural Information Processing Systems (NeurIPS)},
    year={2019}
}

@inproceedings{
    Goldblum2019,
    title={\href{https://openreview.net/pdf?id=HyxyIgHFvr}{Truth or Backpropaganda? An Empirical Investigation of Deep Learning Theory}},
    author={Micah Goldblum and Jonas Geiping and Avi Schwarzschild and Michael Moeller and Tom Goldstein},
    booktitle={International Conference on Learning Representations (ICLR)},
    year={2020}
}

@article{
    nguyen2019benefits,
    title={\href{https://arxiv.org/pdf/1911.11983.pdf}{Benefits of Jointly Training Autoencoders: An Improved Neural Tangent Kernel Analysis}},
    author={Nguyen, Thanh V and Wong, Raymond KW and Hegde, Chinmay},
    journal={arXiv preprint arXiv:1911.11983},
    year={2019}
}

@misc{
    TaijiSuzuki2019theory,
    author="{鈴木大慈}",
    title={\href{https://www.slideshare.net/trinmu/ss-161240890}{大阪大学集中講義　深層学習の数理}},
    year={2019}
}

@article{
    amari1967theory,
    title={\href{https://ieeexplore.ieee.org/document/4039068}{A Theory of Adaptive Pattern Classifiers}},
    author={Amari, Shunichi},
    journal={IEEE Transactions on Electronic Computers},
    number={3},
    pages={299--307},
    year={1967},
    publisher={IEEE}
}

@inproceedings{
    kawaguchi2016deep,
    title={\href{http://www.mit.edu/~kawaguch/publications/kawaguchi-nips16.pdf}{Deep Learning without Poor Local Minima}},
    author={Kawaguchi, Kenji},
    booktitle={Advances in neural information processing systems (NeurIPS)},
    pages={586--594},
    year={2016}
}

@article{
    lu2017depth,
    title={\href{https://arxiv.org/pdf/1702.08580.pdf}{Depth Creates No Bad Local Minima}},
    author={Lu, Haihao and Kawaguchi, Kenji},
    journal={arXiv preprint arXiv:1702.08580},
    year={2017}
}

@inproceedings{
    liang2018adding,
    title={\href{http://papers.nips.cc/paper/7688-adding-one-neuron-can-eliminate-all-bad-local-minima.pdf}{Adding One Neuron Can Eliminate All Bad Local Minima}},
    author={Liang, Shiyu and Sun, Ruoyu and Lee, Jason D and Srikant, Rayadurgam},
    booktitle={Advances in Neural Information Processing Systems (NeurIPS)},
    pages={4350--4360},
    year={2018}
}

@article{
    kawaguchi2019elimination,
    title={\href{https://arxiv.org/pdf/1901.00279.pdf}{Elimination of All Bad Local Minima in Deep Learning}},
    author={Kawaguchi, Kenji and Kaelbling, Leslie Pack},
    journal={arXiv preprint arXiv:1901.00279},
    year={2019}
}

@article{
    kawaguchi2019effect, 
    title={\href{https://www.mitpressjournals.org/doi/pdf/10.1162/neco_a_01195}{Effect of Depth and Width on Local Minima in Deep Learning}}, author={Kawaguchi, Kenji and Huang, Jiaoyang and Kaelbling, Leslie Pack},
    journal={Neural Computation}, 
    volume={31}, 
    number={7}, 
    pages={1462--1498},
    year={2019},
    publisher={MIT Press}
}

@inproceedings{
    choromanska2015loss,
    title={\href{http://proceedings.mlr.press/v38/choromanska15.pdf}{The Loss Surfaces of Multilayer Networks}},
    author={Choromanska, Anna and Henaff, Mikael and Mathieu, Michael and Arous, G{\'e}rard Ben and LeCun, Yann},
    booktitle={Artificial Intelligence and Statistics (AISTATS)},
    pages={192--204},
    year={2015}
}

@inproceedings{
    li2017convergence,
    title={\href{https://papers.nips.cc/paper/6662-convergence-analysis-of-two-layer-neural-networks-with-relu-activation.pdf}{Convergence Analysis of Two-layer Neural Networks with ReLU Activation}},
    author={Li, Yuanzhi and Yuan, Yang},
    booktitle={Advances in Neural Information Processing Systems (NeurIPS)},
    pages={597--607},
    year={2017}
}

@inproceedings{
    li2018learning,
    title={\href{https://papers.nips.cc/paper/8038-learning-overparameterized-neural-networks-via-stochastic-gradient-descent-on-structured-data.pdf}{Learning Overparameterized Neural Networks via Stochastic Gradient Descent on Structured Data}},
    author={Li, Yuanzhi and Liang, Yingyu},
    booktitle={Advances in Neural Information Processing Systems (NeurIPS)},
    pages={8157--8166},
    year={2018}
}

@inproceedings{
    du2018gradient,
    title={\href{https://arxiv.org/pdf/1811.03804.pdf}{Gradient Descent Finds Global Minima of Deep Neural Networks}},
    author={Du, Simon S and Lee, Jason D and Li, Haochuan and Wang, Liwei and Zhai, Xiyu},
    booktitle={International Conference on Machine Learning (ICML)},
    year={2019}
}

@inproceedings{
    allen2018convergence,
    title={\href{http://proceedings.mlr.press/v97/allen-zhu19a/allen-zhu19a.pdf}{A Convergence Theory for Deep Learning via Over-Parameterization}},
    author={Allen-Zhu, Zeyuan and Li, Yuanzhi and Song, Zhao},
    booktitle={International Conference on Machine Learning (ICML)},
    year={2019}
}

@book{
    neal2012bayesian,
    title={\href{http://www.db.toronto.edu/~radford/ftp/thesis.pdf}{Bayesian Learning for Neural Networks}},
    author={Neal, Radford M},
    volume={118},
    year={2012},
    publisher={Springer Science \& Business Media}
}

@inproceedings{
    du2019graph,
    title={\href{https://papers.nips.cc/paper/8809-graph-neural-tangent-kernel-fusing-graph-neural-networks-with-graph-kernels.pdf}{Graph Neural Tangent Kernel: Fusing Graph Neural Networks with Graph Kernels}},
    author={Du, Simon S and Hou, Kangcheng and Salakhutdinov, Russ R and Poczos, Barnabas and Wang, Ruosong and Xu, Keyulu},
    booktitle={Advances in Neural Information Processing Systems (NeurIPS)},
    pages={5724--5734},
    year={2019}
}

@inproceedings{
    cho2009kernel,
    title={\href{http://papers.nips.cc/paper/3628-kernel-methods-for-deep-learning.pdf}{Kernel Methods for Deep Learning}},
    author={Cho, Youngmin and Saul, Lawrence K},
    booktitle={Advances in Neural Information Processing Systems (NeurIPS)},
    pages={342--350},
    year={2009}
}

@inproceedings{
    bietti2019inductive,
    title={\href{http://papers.nips.cc/paper/9449-on-the-inductive-bias-of-neural-tangent-kernels.pdf}{On the Inductive Bias of Neural Tangent Kernels}},
    author={Bietti, Alberto and Mairal, Julien},
    booktitle={Advances in Neural Information Processing Systems (NeurIPS)},
    year={2019}
}

@book{
    amari1978neural,
    title={神経回路網の数理 －脳の情報処理様式－},
    author={甘利俊一},
    year={1978},
    publisher={システムサイエンスシリーズ}
}

@incollection{
    NEURIPS2019_9015,
    title = {\href{http://papers.neurips.cc/paper/9015-pytorch-an-imperative-style-high-performance-deep-learning-library.pdf}{PyTorch: An Imperative Style, High-Performance Deep Learning Library}},
    author = {Paszke, Adam and Gross, Sam and Massa, Francisco and Lerer, Adam and Bradbury, James and Chanan, Gregory and Killeen, Trevor and Lin, Zeming and Gimelshein, Natalia and Antiga, Luca and Desmaison, Alban and Kopf, Andreas and Yang, Edward and DeVito, Zachary and Raison, Martin and Tejani, Alykhan and Chilamkurthy, Sasank and Steiner, Benoit and Fang, Lu and Bai, Junjie and Chintala, Soumith},
    booktitle = {Advances in Neural Information Processing Systems (NeurIPS)},
    editor = {H. Wallach and H. Larochelle and A. Beygelzimer and F. d\textquotesingle Alch\'{e}-Buc and E. Fox and R. Garnett},
    pages = {8024--8035},
    year = {2019},
    publisher = {Curran Associates, Inc.}
}

@article{
    lecun1998gradient,
    title={\href{http://yann.lecun.com/exdb/publis/pdf/lecun-01a.pdf}{Gradient-Based Learning Applied to Document Recognition}},
    author={LeCun, Yann and Bottou, L{\'e}on and Bengio, Yoshua and Haffner, Patrick and others},
    journal={Proceedings of the IEEE},
    volume={86},
    number={11},
    pages={2278--2324},
    year={1998},
    publisher={Taipei, Taiwan}
}

@article{
    amari1975homogeneous,
    title={\href{https://link.springer.com/content/pdf/10.1007/BF00339367.pdf}{Homogeneous Nets of Neuron-Like Elements}},
    author={Amari, Shunichi},
    journal={Biological Cybernetics},
    volume={17},
    number={4},
    pages={211--220},
    year={1975},
    publisher={Springer}
}

@article{
    amari1977dynamics,
    title={\href{https://bsi-ni.brain.riken.jp/database/file/64/050_2.pdf}{Dynamics of Pattern Formation in Lateral-Inhibition Type Neural Fields}},
    author={Amari, Shunichi},
    journal={Biological Cybernetics},
    volume={27},
    number={2},
    pages={77--87},
    year={1977},
    publisher={Springer}
}

@article{
    beurle1956properties,
    title={\href{https://royalsocietypublishing.org/doi/pdf/10.1098/rstb.1956.0012}{Properties of A Mass of Cells Capable of Regenerating Pulses}},
    author={Beurle, Raymond L},
    journal={Philosophical Transactions of the Royal Society of London. Series B, Biological Sciences},
    pages={55--94},
    year={1956},
    publisher={JSTOR}
}

@article{
    griffith1963theory,
    title={\href{https://link.springer.com/content/pdf/10.1007/BF02477774.pdf}{A Field Theory of Neural Nets: I: Derivation of Field Equations}},
    author={Griffith, J.S},
    journal={Bulletin of Mathematical Biophysics},
    volume={25},
    pages={111--120},
    year={1963},
    publisher={Springer-Verlag}
}

@article{
    griffith1965theory,
    title={\href{https://link.springer.com/content/pdf/10.1007\%2FBF02498774.pdf}{A Field Theory of Neural Nets: II: Derivation of Field Equations}},
    author={Griffith, J.S},
    journal={Bulletin of Mathematical Biophysics},
    volume={27},
    pages={187},
    year={1965},
    publisher={Springer-Verlag}
}

@article{
    wilson1972excitatory,
    title={\href{https://reader.elsevier.com/reader/sd/pii/S0006349572860685?token=3AF3AE0F11AAD00246E7BB4E642275C1BBEDFA8A61C2CDE0AD52F9E32CBD7069502DA7C71F1FBC0436C376DCBDCCC6AC}{Excitatory and Inhibitory Interactions in Localized Populations of Model Neurons}},
    author={Wilson, Hugh R and Cowan, Jack D},
    journal={Biophysical Journal},
    volume={12},
    number={1},
    pages={1--24},
    year={1972},
    publisher={Elsevier}
}

@article{
    wilson1973mathematical,
    title={\href{https://link.springer.com/content/pdf/10.1007\%2FBF00288786.pdf}{A Mathematical Theory of the Functional Dynamics of Cortical and Thalamic Nervous Tissue}},
    author={Wilson, Hugh R and Cowan, Jack D},
    journal={Kybernetik},
    volume={13},
    number={2},
    pages={55--80},
    year={1973},
    publisher={Springer}
}

@inproceedings{
    imagenet_cvpr09,
    author={Deng, J. and Dong, W. and Socher, R. and Li, L.-J. and Li, K. and Fei-Fei, L.},
    title={\href{http://www.image-net.org/papers/imagenet_cvpr09.pdf}{ImageNet: A Large-Scale Hierarchical Image Database}},
    booktitle={Conference on Computer Vision and Pattern Recognition (CVPR)},
    year={2009}
}

@inproceedings{
    krizhevsky2012imagenet,
    title={\href{https://papers.nips.cc/paper/4824-imagenet-classification-with-deep-convolutional-neural-networks.pdf}{Imagenet Classification with Deep Convolutional Neural Networks}},
    author={Krizhevsky, Alex and Sutskever, Ilya and Hinton, Geoffrey E},
    booktitle={Advances in Neural Information Processing Systems (NeurIPS)},
    pages={1097--1105},
    year={2012}
}

@article{
    rosenblatt1958perceptron,
    title={\href{http://citeseerx.ist.psu.edu/viewdoc/download?doi=10.1.1.335.3398&rep=rep1&type=pdf}{The Perceptron: A Probabilistic Model for Information Storage and Organization in the Brain.}},
    author={Rosenblatt, Frank},
    journal={Psychological Review},
    volume={65},
    number={6},
    pages={386},
    year={1958},
    publisher={American Psychological Association}
}

@article{
    fukushima1988neocognitron,
    title={\href{https://reader.elsevier.com/reader/sd/pii/0893608088900147?token=63CF18B9551749242A77365FE029232D5819997A41F571315079F0B09BDE39B214D6350B4982CC36CD8F49DE3298D819}{Neocognitron: A Hierarchical Neural Network Capable of Visual Pattern Recognition}},
    author={Fukushima, Kunihiko},
    journal={Neural Networks},
    volume={1},
    number={2},
    pages={119--130},
    year={1988},
    publisher={Elsevier}
}

@article{
    amari1971characteristics,
    title={\href{https://ieeexplore.ieee.org/abstract/document/1450017}{Characteristics of Randomly Connected Threshold-Element Networks and Network Systems}},
    author={Amari, Shunichi},
    journal={Proceedings of the IEEE},
    volume={59},
    number={1},
    pages={35--47},
    year={1971},
    publisher={IEEE}
}

@article{
    amari1977mathematical,
    title={\href{https://www.jstor.org/stable/pdf/2100604.pdf?casa_token=MVah8FKyf9wAAAAA:VxMn5rPt5uL0Cp_klXpdB0MuS8ZCkkjaPiMQ7T17aBxDEA4UiwodDhff9PsXTKrIzgb762JmHHwhSwBfOyJ0Fn8VFYmW4Q2cp6SDRFhF99EU9aUedym5}{A Mathematical Foundation for Statistical Neurodynamics}},
    author={Amari, Shunichi and Yoshida, Kiyonori and Kanatani, Kenichi},
    journal={SIAM Journal on Applied Mathematics},
    volume={33},
    number={1},
    pages={95--126},
    year={1977},
    publisher={SIAM}
}

@article{
    amari1974method,
    title={\href{https://link.springer.com/content/pdf/10.1007/BF00274806.pdf}{A Method of Statistical Neurodynamics}},
    author={Amari, Shunichi},
    journal={Kybernetik},
    volume={14},
    number={4},
    pages={201--215},
    year={1974},
    publisher={Springer}
}

@inproceedings{
    novak2018bayesian,
    title={\href{https://openreview.net/pdf?id=B1g30j0qF7}{Bayesian Deep Convolutional Networks with Many Channels are Gaussian Processes}},
    author={Novak, Roman and Xiao, Lechao and Bahri, Yasaman and Lee, Jaehoon and Yang, Greg and Hron, Jiri and Abolafia, Daniel A and Pennington, Jeffrey and Sohl-Dickstein, Jascha},
    booktitle={International Conference on Learning Representations (ICLR)},
    year={2019}
}

@inproceedings{
    chizat2018global,
    title={\href{https://papers.nips.cc/paper/7567-on-the-global-convergence-of-gradient-descent-for-over-parameterized-models-using-optimal-transport.pdf}{On the Global Convergence of Gradient Descent for Over-parameterized Models using Optimal Transport}},
    author={Chizat, Lenaic and Bach, Francis},
    booktitle={Advances in Neural Information Processing Systems (NeurIPS)},
    pages={3036--3046},
    year={2018}
}

@article{
    nitanda2017stochastic, 
    title={\href{https://arxiv.org/pdf/1712.05438.pdf}{Stochastic Particle Gradient Descent for Infinite Ensembles}},
    author={Nitanda, Atsushi and Suzuki, Taiji}, 
    journal={arXiv preprint arXiv:1712.05438},
    year={2017}
}

@inproceedings{
    arbel2019maximum,
    title={\href{https://papers.nips.cc/paper/8876-maximum-mean-discrepancy-gradient-flow.pdf}{Maximum Mean Discrepancy Gradient Flow}},
    author={Arbel, Michael and Korba, Anna and Salim, Adil and Gretton, Arthur},
    booktitle={Advances in Neural Information Processing Systems (NeurIPS)},
    year={2019}
}

@article{
    le2008representational,
    title={\href{http://www.iro.umontreal.ca/~lisa/pointeurs/rbm_universality_techreport.pdf}{Representational Power of Restricted Boltzmann Machines and Deep Belief Networks}},
    author={Le Roux, Nicolas and Bengio, Yoshua},
    journal={Neural computation},
    volume={20},
    number={6},
    pages={1631--1649},
    year={2008},
    publisher={MIT Press}
}

@article{
    sonoda2019unitary, 
    title={\href{https://arxiv.org/pdf/1902.00648.pdf}{Unitary Kernel Quadrature for Training Parameter Distributions}}, 
    author={Sonoda, Sho}, 
    journal={arXiv preprint arXiv:1902.00648},
    year={2019} 
}

@article{
    mcculloch1943logical,
    title={\href{https://link.springer.com/content/pdf/10.1007/BF02478259.pdf}{A Logical Calculus of the Ideas Immanent in Nervous Activity}},
    author={McCulloch, Warren S and Pitts, Walter},
    journal={The Bulletin of Mathematical Biophysics},
    volume={5},
    number={4},
    pages={115--133},
    year={1943},
    publisher={Springer}
}

@inproceedings{
    glorot2010understanding,
    title={\href{http://proceedings.mlr.press/v9/glorot10a/glorot10a.pdf?hc_location=ufi}{Understanding the Difficulty of Training Deep Feedforward Neural Networks}},
    author={Glorot, Xavier and Bengio, Yoshua},
    booktitle={Artificial Intelligence and Statistics (AISTATS)},
    pages={249--256},
    year={2010}
}

@book{
    oliphant2006guide, 
    title={\href{https://web.mit.edu/dvp/Public/numpybook.pdf}{A Guide to NumPy}}, 
    author={Oliphant, Travis E}, 
    volume={1}, 
    year={2006}, 
    publisher={Trelgol Publishing USA} 
}

@book{
    伊藤清1991確率論,
    title={確率論},
    author={伊藤清},
    year={1991},
    publisher={岩波書店}
}

@book{
    飛田武幸1976ガウス過程,
    title={ガウス過程},
    author={飛田武幸 and 櫃田倍之},
    year={1976},
    publisher={紀伊国屋書店}
}

@article{
    yang2019fine,
    title={\href{https://arxiv.org/pdf/1907.10599.pdf}{A Fine-Grained Spectral Perspective on Neural Networks}},
    author={Yang, Greg and Salman, Hadi},
    journal={arXiv preprint arXiv:1907.10599},
    year={2019}
}

@inproceedings{
    hanin2019finite,
    title={\href{https://arxiv.org/pdf/1909.05989.pdf}{Finite Depth and Width Corrections to the Neural Tangent Kernel}},
    author={Hanin, Boris and Nica, Mihai},
    booktitle={International Conference on Learning Representations (ICLR)},
    year={2020}
}

@article{
    amari2020atf,
    title={\href{https://arxiv.org/pdf/2001.06931.pdf}{Any Target Function Exists in a Neighborhood of Any Sufficiently Wide Random Network: A Geometrical Perspective}},
    author={Amari, Shunichi},
    journal={arXiv preprint arXiv:2001.06931},
    year={2020}
}

@misc{
    rajat2019ntk,
    title={\href{https://rajatvd.github.io/NTK/}{Understanding the Neural Tangent Kernel}},
    author={Rajat, Vadiraj Dwaraknath},
    year={2019}
}

@book{
    甘利俊一2019情報幾何学の新展開,
    title={新版　情報幾何学の新展開},
    author={甘利俊一},
    year={2019},
    publisher={サイエンス社}
}